@MISC{test,
      author =       "First Second",
      title =        "Title",
      year =         "2020",
      howpublished = "\url{https://coolurl.com}",
      note =         "[Online; accessed XX-2020]"
}
